@article{adams_2001,
  author={Adams, Marvin L},
  title={Discontinuous finite element transport solutions in thick diffusive problems},
  journal={Nuclear science and engineering},
  volume={137},
  number={3},
  pages={298-333},
  year={2001}}
  
@ARTICLE{andersonSpiegel_1972,
   author = {{Anderson}, J.~L. and {Spiegel}, E.~A.},
    title = "{The Moment Method in Relativistic Radiative Transfer}",
  journal = {Astrophysical Journal},
     year = 1972,
   volume = 171,
    pages = {127}}

@article{ascher_etal_1997,
  author = {{Ascher}, U.M. and {Ruuth}, S.J. and {Spiteri}, R.J.},
  title = "{Implicit-explicit Runge-Kutta methods for time-dependent partial differential equations}",
  journal = {Applied Numerical Mathematics},
  volume = {25},
  pages = {151-167},
  year = {1997}}

@article{banachLarecki_2013,
author = {Z. Banach and W. Larecki},
journal = {Nonlinearity},
pages = {1667-1701},
title = {{Spectral maximum entropy hydrodynamics of fermionic radiation: a three-moment system for one-dimensional flows}},
volume = {26},
year = {2013}}

@article{banachLarecki_2017a,
author = {Z. Banach and W. Larecki},
journal = {Zeitschrift f{\"u}r angewandte Mathematik und Physik},
month = {aug},
number = {4},
pages = {100},
title = {{Kershaw-type transport equations for fermionic radiation}},
volume = {68},
year = {2017}}

@article{banachLarecki_2017b,
author = {Z. Banach and W. Larecki},
journal = {Kinetic \& Related Models},
month = {Dec},
number = {4},
pages = {879-900},
title = {{Entropy-based mixed three-moment description of fermionic radiation transport in slab and spherical geometries}},
volume = {10},
year = {2017}}

@ARTICLE{braginskii_1965,
   author = {{Braginskii}, S.~I.},
    title = "{Transport Processes in a Plasma}",
  journal = {Reviews of Plasma Physics},
     year = 1965,
   volume = 1,
    pages = {205}}

@ARTICLE{brunner_2002,
  author = {{Brunner}, T.~A.},
  title = "{Forms of approximate radiation transport}",
  journal = {Technical Report, Sandia National Laboratories},
  volume = {SAND2002-1778},
  year = {2002},
  pages = {1-43}}

@ARTICLE{brunnerHolloway_2005,
   author = {{Brunner}, T.~A. and {Holloway}, J.~P.},
    title = "{Two-dimensional time dependent Riemann solvers for neutron transport}",
  journal = {Journal of Computational Physics},
     year = 2005,
   volume = 210,
    pages = {386-399}}

@ARTICLE{cardall_etal_2013a,
   author = {{Cardall}, C.~Y. and {Endeve}, E. and {Mezzacappa}, A.},
    title = "{Conservative 3+1 general relativistic variable Eddington tensor radiation transport equations}",
  journal = {Physical Review D},
     year = 2013,
   volume = 87,
    pages = {103004}}

@article{cavaglieriBewley2015,
  author = {{Cavaglieri}, D and {Bewley}, T},
  title = "{Low-storage implicit/explicit Rungeâ€“Kutta schemes for the simulation of stiff high-dimensional ODE systems}",
  journal = {Journal of Computational Physics},
  volume = {286},
  pages = {172 - 193},
  year = {2015},
  issn = {0021-9991}}

@book{chapmanCowling_1970,
  title={The Mathematical Theory of Non-uniform Gases},
  author={{Chapman}, S. and {Cowling},~T.G.},
  series={Cambridge Mathematical Library},
  year={1970},
  publisher={Cambridge University Press}}

@article{cheng_etal_2013,
  author = {{Cheng}, Y. and {Li}, F. and {Qiu}, J. and {Xu}, L.},
  journal = {Journal of Computational Physics},
  pages = {255-280},
  title = {Positivity-preserving DG and central DG methods for ideal MHD equations},
  volume = 238,
  year = 2013}

@article{cernohorskyBludman_1994,
	Author = {{Cernohorsky}, J. and {Bludman}, S.~A.},
	Journal = {Astrophysical Journal},
	Number = {1},
	Pages = {450 - 455},
	Title = {Maximum entropy distribution and closure for Bose-Einstein and {F}ermi-{D}irac radiation transport},
	Volume = {433},
	Year = {1994}}

@ARTICLE{chertock_etal_2015,
   author = {{Chertock}, A. and {Cui}, S. and {Kurganov}, A. and {Wu}, T.},
    title = "{Steady State and Sign Preserving Semi-Implicit Runge-Kutta Methods for ODEs with Stiff Damping Term}",
  journal = {SIAM J. Numer. Anal.},
     year = 2015,
   volume = 53,
    pages = {2008-2029}}

@ARTICLE{cockburnShu_2001,
   author = {{Cockburn}, B. and {Shu}, C.-W.},
    title = "{Runge-Kutta Discontinuous Galerkin Methods for Convection-Dominated Problems}",
  journal = {Journal of Scientific Computing},
     year = 2001,
   volume = 16,
    pages = {173-261}}

@article{dimarcoPareschi2013,
  title={Asymptotic preserving implicit-explicit Runge--Kutta methods for nonlinear kinetic equations},
  author={G. Dimarco and L. Pareschi},
  journal={SIAM Journal on Numerical Analysis},
  volume={51},
  number={2},
  pages={1064--1087},
  year={2013},
  publisher={SIAM}}

@ARTICLE{endeve_etal_2015,
   author = {{Endeve}, E. and {Hauck}, C.~D. and {Xing}, Y. and {Mezzacappa}, A.},
    title = "{Bound-Preserving Discontinuous Galerkin Methods for Conservative Phase Space Advection in Curvilinear Coordinates}",
  journal = {Journal of Computational Physics},
     year = 2015, 
   volume = 287, 
    pages = {151-183}}

@ARTICLE{foucart_etal_2015,
   author = {{Foucart}, F. and {O'Connor}, E. and {Roberts}, L. and {Duez}, M.~D. and {Haas}, R. and {Kidder}, L.~E. and {Ott}, C.~D. and {Pfeiffer}, H.~P. and {Scheel}, M.~A. and {Szilagyi}, B.},
    title = "{Post-merger evolution of a neutron star-black hole binary with neutrino transport}",
  journal = {Phys. Rev. D},
     year = 2015,
   volume = 91,
   number = 12,
    pages = {124021}}

@ARTICLE{garrettHauck_2013,
  author = {{Garrett}, K.~C. and {Hauck}, C.~D.},
  title = "{A Comparison of Moment Closures for Linear Kinetic Transport Equations: The Line Source Benchmark}",
  journal = {Transport Theory and Statistical Physics},
  year = {2013},
  volume = {42},
  pages = {203-235}}

@ARTICLE{gottlieb_etal_2001,
   author = {{Gottlieb}, E. and {Shu}, C.-W. and {Tadmor}, E.},
    title = "{Strong Stability-Preserving High-Order Time Discretization Methods}",
  journal = {SIAM Review},
     year = 2001,
   volume = 43,
    pages = {89-112}}

@ARTICLE{guermondKanschat_2010,
   author = {{Guermond}, J.-L. and {Kanschat}, G.}, 
    title = "{Asymptotic Analysis of Upwind Discontinuous Galerkin Approximation of the Radiative Transport Equation in the Diffusive Limit}", 
  journal = {SIAM J. Numer. Anal.},
     year = 2010, 
   volume = 48,
    pages = {53-78}}

@article{hauck_2008,
  author={Hauck, Cory D and Levermore, C David and Tits, Andr{\'e} L},
  title="{Convex duality and entropy-based moment closures: Characterizing degenerate densities}",
  journal={SIAM Journal on Control and Optimization},
  volume={47},
  year={2008},
  pages={1977--2015}}

@BOOK{hesthavenWarburton_2008,
   author = {{Hesthaven}, J.~S. and {Warburton}, T.},
    title = "{Nodal discontinuous {G}alerkin methods: {A}lgorithms, analysis and applications}",
booktitle = {Nodal discontinuous {G}alerkin methods: {A}lgorithms, analysis and applications by Jan S.~Hestaven and Tim Warburton.~Springer, 2008.~ISBN: 978-0-387-72065-4},
publisher = {Springer},
     year = 2008}

@ARTICLE{hu_etal_2018,
   author = {{Hu}, J. and {Shu}, R. and {Zhang}, X.},
    title = "{Asymptotic-preserving and positivity-preserving implicit-explicit schemes for the stiff BGK equation}",
  journal = {SIAM Journal on Numerical Analysis},
  volume = {56},
  number = {2},
  pages = {942-973},
  year = {2018}}

@ARTICLE{jinLevermore_1996, 
author = {{Jin}, S. and {Levermore}, C.D.},
title = "{Numerical Schemes for Hyperbolic Conservation Laws with Stiff Relaxation Terms}",
journal = {Journal of Computational Physics},
volume = {126},
pages = {942-973},
year = {1996}}

@ARTICLE{janka_etal_1992,
   author = {{Janka}, H.-T. and {Dgani}, R. and {van den Horn}, L.~J.},
    title = "{Fermion angular distribution and maximum entropy Eddington factors}",
  journal = {Astronomy \& Astrophysics},
     year = 1992,
   volume = 265,
    pages = {345-354}}

@article{junk_1998,
  author={{Junk}, M.},
  title={Domain of definition of Levermore's five-moment system},
  journal={Journal of Statistical Physics},
  volume={93},
  year={1998},
  pages={1143--1167}}

@ARTICLE{just_etal_2015,
   author = {{Just}, O. and {Obergaulinger}, M. and {Janka}, H.-T.},
    title = "{A new multidimensional, energy-dependent two-moment transport code for neutrino-hydrodynamics}",
  journal = {MNRAS},
     year = 2015,
   volume = 453,
    pages = {3386-3413}}

@TechReport{kershaw_1976,
    author = {{Kershaw}, D.S.},
    title = "{Flux limiting nature's own way --- a new method for numerical solution of the transport equation}",
institution = {Lawrence Livermore Laboratory},
       year = 1976,
     number = {UCRL-78378}}

@ARTICLE{klockner_etal_2009,
   author = {{Kl{\"o}ckner}, A. and {Warburton}, T. and {Bridge}, J. and {Hesthaven}, J.~S.},
    title = "{Nodal discontinuous Galerkin methods on graphics processors}",
  journal = {Journal of Computational Physics},
     year = 2009,
   volume = 228,
    pages = {7863-7882}}

@article{laboure_etal_2016, 
author={{Laboure}, V.~M and {McClarren}, R.~G. and {Hauck}, C.~D.}, 
title={Implicit filtered P N for high-energy density thermal radiation transport using discontinuous Galerkin finite elements}, 
journal={Journal of Computational Physics}, 
year={2016}, 
volume={321}, 
pages={624--643}}

@ARTICLE{lareckiBanach_2011, 
author = {{Larecki}, W. and {Banach}, Z},
title = "{Entropic Derivation of the Spectral Eddington Factors}",
journal = {JQSRT}, 
year = {2011},
volume = {112},
pages = {2486-2506}}

@ARTICLE{larsenMorel_1989,
   author = {{Larsen}, E.~W. and {Morel}, J.~E.},
    title = "{Asymptotic Solutions of Numerical Transport Problems in Optically Thick, Diffusive Regimes II}",
  journal = {Journal of Computational Physics},
     year = 1989,
   volume = 83,
    pages = {212-236}}
    
@BOOK{leveque_1992,
author = {{Leveque}, R.~J.},
title = "{Numerical Methods for Conservation Laws}",
series = {Lectures in Mathematics. ETH Z{\"u}rich},
year = {1992},
publisher = {Birkh{\"a}user}}

@ARTICLE{levermore_1984,
   author = {{Levermore}, C.~D.},
    title = "{Relating Eddington factors to flux limiters.}",
  journal = {JQSRT},
     year = 1984,
   volume = 31,
    pages = {149-160}}

@ARTICLE{levermore_1996,
   author = {{Levermore}, C.~D.},
    title = "{Moment closure hierarchies for kinetic theories}",
  journal = {Journal of Statistical Physics},
     year = 1996,
   volume = 83,
    pages = {1021-1065}}

@book{lifshitzPitaevskii_1981,
  title="{Physical Kinetics}",
  author={{Lifshitz}, E.~M. and {Pitaevskii}, L.~P.},
  series={Course of Theoretical Physics},
  number={10},
  year={1981},
  publisher={Pergamon Press}}

@ARTICLE{lindquist_1966,
   author = {{Lindquist}, R.~W.},
    title = "{Relativistic transport theory}",
  journal = {Annals of Physics},
     year = 1966,
   volume = 37,
    pages = {487-518}}

@article{liuOsher_1996,
     title = {Nonoscillatory High Order Accurate Self-Similar Maximum Principle Satisfying Shock Capturing Schemes {I}},
     author = {{Liu}, X. D. and {Osher}, S.},
     journal = {SIAM J. Numer. Anal.},
     volume = {33},
     number = {2},
     pages = {760-779},
     year = {1996}}

@article{mcclarren_etal_2008,
author = {{McClarren}, R. and {Evans}, T. and {Lowrie}, R and {Densmore}, J},
issn = {0021-9991},
journal = {Journal of Computational Physics},
number = {16},
pages = {7561--7586},
title = {{Semi-implicit time integration for PN thermal radiative transfer}},
volume = {227},
year = {2008}}

@ARTICLE{mcclarrenHauck_2010,
   author = {{McClarren}, R.~G. and {Hauck}, C.~D.},
    title = "{Robust and accurate filtered spherical harmonics expansions for radiative transfer}",
  journal = {Journal of Computational Physics},
     year = 2010,
   volume = 229,
    pages = {5597-5614}}

@BOOK{mihalasMihalas_1999,
   author = {{Mihalas}, D. and {Mihalas}, B.~W.},
    title = "{Foundations of radiation hydrodynamics}",
publisher = {Dover (New York)},
     year = 1999}

@ARTICLE{minerbo_1978,
   author = {{Minerbo}, G.~N.},
    title = "{Maximum entropy Eddington factors.}",
  journal = {JQSRT},
 keywords = {Radiative Transfer},
     year = 1978,
   volume = 20,
    pages = {541-545}}

@ARTICLE{murchikova_etal_2017,
   author = {{Murchikova}, E.~M. and {Abdikamalov}, E. and {Urbatsch}, T.},
    title = "{Analytic closures for M1 neutrino transport}",
  journal = {MNRAS},
     year = 2017,
   volume = 469,
    pages = {1725-1737}}

@article{olbrant_etal_2012,
  title={A realizability-preserving discontinuous Galerkin method for the M1 model of radiative transfer},
  author={Olbrant, Edgar and Hauck, Cory D and Frank, Martin},
  journal={Journal of Computational Physics},
  volume={231},
  number={17},
  pages={5612--5639},
  year={2012}}
  
@article{olbrant_etal_2013, 
author={{Olbrant}, E. and {Hauck}, C.~D. and {Frank}, M.}, 
title="{Perturbed, entropy-based closure for radiative transfer}", 
journal={Kinetic and Related Models}, 
year={2013}, 
volume={6}, 
pages={557--587}}

@ARTICLE{pons_etal_2000,
   author = {{Pons}, J.~A. and {Ib{\'a}{\~n}ez}, J.~M. and {Miralles}, J.~A.},
    title = "{Hyperbolic character of the angular moment equations of radiative transfer and numerical methods}",
  journal = {MNRAS},
     year = 2000,
   volume = 317,
    pages = {550-562}}

@ARTICLE{radice_etal_2013,
   author = {{Radice}, D. and {Abdikamalov}, E. and {Rezzolla}, L. and {Ott}, C.~D.},
    title = "{A new spherical harmonics scheme for multi-dimensional radiation transport I. Static matter configurations}",
  journal = {Journal of Computational Physics},
     year = 2013,
   volume = 242,
    pages = {648-669}}

@TechReport{reedHill_1973,
    author = {{Reed}, W.H. and {Hill}, T.R.},
    title = "{Triangular mesh methods for the neutron transport equation}",
institution = {Los Alamos National Laboratory},
       year = 1973,
     number = {LA-UR-73-479}}

@ARTICLE{roberts_etal_2016,
   author = {{Roberts}, L.~F. and {Ott}, C.~D. and {Haas}, R. and {O'Connor}, E.~P. and {Diener}, P. and {Schnetter}, E.},
    title = "{General-Relativistic Three-Dimensional Multi-group Neutrino Radiation-Hydrodynamics Simulations of Core-Collapse Supernovae}",
  journal = {Astrophysical Journal},
     year = 2016,
   volume = 831,
    pages = {98}}

@book{shohatTamarkin_1943,
  title={The Problem of Moments},
  author={Shohat, J.A. and Tamarkin, J.D.},
  series={Mathematical Surveys and Monographs},
  year={1943},
  publisher={American Mathematical Society}}

@ARTICLE{pareschiRusso_2005,
   author = {{Pareschi}, L. and {Russo}, G.},
    title = "{Implicit-Explicit Runge-Kutta Schemes and Application to Hyperbolic Systems with Relaxation}",
  journal = {Journal of Scientific Computing},
     year = 2005,
   volume = 25,
    pages = {129-155}}

@ARTICLE{shibata_etal_2011,
   author = {{Shibata}, M. and {Kiuchi}, K. and {Sekiguchi}, Y. and {Suwa}, Y.},
    title = "{Truncated Moment Formalism for Radiation Hydrodynamics in Numerical Relativity}",
  journal = {Progress of Theoretical Physics},
     year = 2011,
   volume = 125,
    pages = {1255-1287}}

@ARTICLE{shuOsher_1988,
   author = {{Shu}, C.-W. and {Osher} S.},
    title = "{Efficient Implementation of Essentially Non-oscillatory Shock-Capturing Schemes}",
  journal = {Journal of Computational Physics},
     year = 1988,
   volume = 77,
    pages = {439-471}}
    
@ARTICLE{shu_2016,
   author = {{Shu}, C.-W.},
        title = "{High order WENO and DG methods for time-dependent convection-dominated PDEs: A brief survey of several recent developments}",
   journal = {Journal of Computational Physics},
       year = 2016,
  volume = 316,
     pages={598-613}}

@ARTICLE{skinnerOstriker_2013,
   author = {{Skinner}, M.~A. and {Ostriker}, E.~C.},
    title = "{A Two-moment Radiation Hydrodynamics Module in Athena Using a Time-explicit Godunov Method}",
  journal = {Astrophysical Journal Supplement Series},
     year = 2013,
   volume = 206,
    pages = {21}}

@ARTICLE{smit_etal_2000,
   author = {{Smit}, J.~M. and {van den Horn}, L.~J. and {Bludman}, S.~A.},
    title = "{Closure in flux-limited neutrino diffusion and two-moment transport}",
  journal = {Astronomy \& Astrophysics},
     year = 2000,
   volume = 356,
    pages = {559-569}}

@ARTICLE{smit_etal_1997,
   author = {{Smit}, J.~M. and {Cernohorsky}, J. and {Dullemond}, C.~P.},
    title = "{Hyperbolicity and critical points in two-moment approximate radiative transfer.}",
  journal = {Astronomy \& Astrophysics},
     year = 1997,
   volume = 325,
    pages = {203-211}}
    
@ARTICLE{teukolsky_2016, 
   author = {{Teukolsky}, S.~A.},
    title = "{Formulation of discontinuous Galerkin methods for relativistic astrophysics}",
  journal = {Journal of Computational Physics}, 
     year = 2016,
   volume = 312,
    pages = {333-356}}

@ARTICLE{thorne_1981,
   author = {{Thorne}, K.~S.},
    title = "{Relativistic radiative transfer - Moment formalisms}",
  journal = {MNRAS},
     year = 1981,
   volume = 194,
    pages = {439-473}}

@article{wuTang_2015,
author = {{Wu}, K. and {Tang}, H.},
title = "{High-order accurate physical-constraint-preserving finite difference WENO schemes for special relativistic hydrodynamics}",
journal = {Journal of Computational Physics},
year = {2015},
volume = {298},
pages = {539-564}}

@article{xing_etal_2010,
  author =   {{Xing}, Y. and {Zhang}, X. and {Shu}, C.-W.},
  title =    {Positivity-preserving high order well-balanced discontinuous Galerkin methods for the shallow water equations},
  journal =     {Advances in Water Resources},
  year =     {2010},
         volume = 33,
         pages = {1476-1493}}

@ARTICLE{zhangShu_2010a,
   author = {{Zhang}, X. and {Shu}, C.-W.},
    title = "{On maximum-principle-satisfying high order schemes for scalar conservation laws}",
  journal = {Journal of Computational Physics},
     year = 2010,
   volume = 229,
    pages = {3091-3120}}
    
@article{zhangShu_2010b,
  author =   {X. Zhang and C.-W. Shu},
  title =    {On positivity preserving high order discontinuous Galerkin schemes for compressible Euler equations on rectangular meshes},
  journal =     {Journal of Computational Physics},
  year =     {2010},
  volume = 229,
  pages = {8918-8934}}

@article{zhangShu_2011,
         author =   {{Zhang}, X. and {Shu}, C.-W.},
         title =    {Positivity-preserving high order discontinuous {G}alerkin schemes for compressible {E}uler equations with source terms},
         journal =     {Journal of Computational Physics},
         year =     {2011},
         volume = 230,
         pages = {1238-1248}}

  @article{zhang_etal_2013,
 author = {{Zhang}, Y. and {Zhang}, X. and {Shu}, C.-W.},
 title = {Maximum-principle-satisfying Second Order Discontinuous Galerkin Schemes for Convection-diffusion Equations on Triangular Meshes},
 journal = {Journal of Computational Physics},
 volume = {234},
 year = {2013},
 pages = {295-316}} 