@article{ascher_etal_1997,
  author = {{Ascher}, U.M. and {Ruuth}, S.J. and {Spiteri}, R.J.},
  title = "{Implicit-explicit Runge-Kutta methods for time-dependent partial differential equations}",
  journal = {Applied Numerical Mathematics},
  volume = {25},
  pages = {151-167},
  year = {1997}}

@ARTICLE{bruenn_1985,
   author = {{Bruenn}, S. W.},
    title = {"Stellar core collapse - Numerical model and infall epoch"},
  journal = {APJS},
     year = {1985},
    month = {Aug},
   volume = {58},
    pages = {771-841},
      doi = {10.1086/191056},
}

@article{burrows_2013,
  title={Colloquium: Perspectives on core-collapse supernova theory},
  author={Burrows, Adam},
  journal={Reviews of Modern Physics},
  volume={85},
  number={1},
  pages={245},
  year={2013},
  publisher={APS}
}

@article{cabezon_etal_2018,
  title={Core-collapse supernovae in the hall of mirrors. A three-dimensional code-comparison project},
  author={{Cabez{\'o}n}, R. M. and {Pan}, K. C. and Liebend{\"o}rfer, M. and Kuroda, T. and Ebinger, K. and {Heinimann}, O. and {Thielemann}, F. K. and {Perego}, A.},
  journal={arXiv preprint arXiv:1806.09184},
  year={2018}
}

@article{cardall_etal_2013,
	title={Conservative 3+ 1 general relativistic Boltzmann equation},
	author={Cardall, Christian Y and Endeve, Eirik and Mezzacappa, Anthony},
	journal={Physical Review D},
	volume={88},
	number={2},
	pages={023011},
	year={2013},
	publisher={APS}
}

@article{cavaglieriBewley2015,
  author = {{Cavaglieri}, D and {Bewley}, T},
  title = "{Low-storage implicit/explicit Runge–Kutta schemes for the simulation of stiff high-dimensional ODE systems}",
  journal = {Journal of Computational Physics},
  volume = {286},
  pages = {172 - 193},
  year = {2015},
  issn = {0021-9991}}
  
@article{cernohorskyVanWeert_1992,
  title={Relativistic two-moment neutrino transport},
  author={{Cernohorsky}, J and {Van Weert}, Ch G},
  journal={The Astrophysical Journal},
  volume={398},
  pages={190--202},
  year={1992}
}

@article{cernohorskyBludman_1994,
	Author = {{Cernohorsky}, J. and {Bludman}, S.~A.},
	Journal = {Astrophysical Journal},
	Number = {1},
	Pages = {450 - 455},
	Title = {Maximum entropy distribution and closure for Bose-Einstein and {F}ermi-{D}irac radiation transport},
	Volume = {433},
	Year = {1994}}

@ARTICLE{chertock_etal_2015,
   author = {{Chertock}, A. and {Cui}, S. and {Kurganov}, A. and {Wu}, T.},
    title = "{Steady State and Sign Preserving Semi-Implicit Runge-Kutta Methods for ODEs with Stiff Damping Term}",
  journal = {SIAM J. Numer. Anal.},
     year = 2015,
   volume = 53,
    pages = {2008-2029}}

@ARTICLE{chu_etal_2018,
  author = {{Chu},R. and {Endeve}, E. and {Hauck}, C. D. and {Mezzacappa},. A},
   title = "{Realizability-Preserving DG-IMEX Method for the Two-Moment Model of Fermion Transport.}",
  journal = {JCP submitted},
     year = 2018,
Eprint = {arXiv:1809.06949},
   volume = {},
    pages = {}}  

@article{cockburnShu_1998,
	title={The Runge--Kutta discontinuous Galerkin method for conservation laws V: multidimensional systems},
	author={Cockburn, Bernardo and Shu, Chi-Wang},
	journal={Journal of Computational Physics},
	volume={141},
	number={2},
	pages={199--224},
	year={1998},
	publisher={Elsevier}
}

@article{dimarcoPareschi2013,
  title={Asymptotic preserving implicit-explicit Runge--Kutta methods for nonlinear kinetic equations},
  author={G. Dimarco and L. Pareschi},
  journal={SIAM Journal on Numerical Analysis},
  volume={51},
  number={2},
  pages={1064--1087},
  year={2013},
  publisher={SIAM}}
  
@ARTICLE{endeve_etal_2018,
  author = {{Endeve}, E. and Jesse Buffaloe and Samuel J Dunham and  Nick Roberts and Kristopher Andrew and Brandon Barker and David Pochik and Juliana Pulsinelli and Anthony Mezzacappa},
  title  = "{thornado-hydro: towards discontinuous Galerkin methods for supernova hydrodynamics.}",
  journal = {Astronum Conference submitted},
     year = 2018,
Eprint = {},
   volume = {},
    pages = {}} 
      
@article{foucart_etal_2015,
  title={Post-merger evolution of a neutron star-black hole binary with neutrino transport},
  author={{Foucart}, Francois and {O'Connor}, Evan and {Roberts}, Luke and {Duez}, Matthew D and {Haas}, Roland and {Kidder}, {Lawrence} E and Ott, Christian D and Pfeiffer, Harald P and Scheel, Mark A and Szilagyi, Bela},
  journal={Physical Review D},
  volume={91},
  number={12},
  pages={124021},
  year={2015},
  publisher={APS}
}

@article{fujibayashi_etal_2017,
  title={Properties of Neutrino-driven Ejecta from the Remnant of a Binary Neutron Star Merger: Pure Radiation Hydrodynamics Case},
  author={{Fujibayashi}, Sho and {Sekiguchi}, Yuichiro and {Kiuchi}, Kenta and {Shibata}, Masaru},
  journal={The Astrophysical Journal},
  volume={846},
  number={2},
  pages={114},
  year={2017},
  publisher={IOP Publishing}
}

@article{glas_etal_2018,
  title={Three-Dimensional Core-Collapse Supernova Simulations with Multi-Dimensional Neutrino Transport Compared to the Ray-by-Ray-plus Approximation},
  author={{Glas}, R. and {Just}, O. and {Janka}, H. and {Obergaulinger}, M.},
  journal={arXiv preprint arXiv:1809.10146},
  year={2018}
}

@ARTICLE{gottlieb_etal_2001,
   author = {{Gottlieb}, E. and {Shu}, C.-W. and {Tadmor}, E.},
    title = "{Strong Stability-Preserving High-Order Time Discretization Methods}",
  journal = {SIAM Review},
     year = 2001,
   volume = 43,
    pages = {89-112}}

@article{hairer_1981,
  title={Order conditions for numerical methods for partitioned ordinary differential equations},
  author={{Hairer}, Ernst},
  journal={Numerische Mathematik},
  volume={36},
  number={4},
  pages={431--445},
  year={1981},
  publisher={Springer}
}
    
@ARTICLE{hu_etal_2018,
    author = {{Hu}, J. and {Shu}, R. and {Zhang}, X.},
     title = "{Asymptotic-preserving and positivity-preserving implicit-explicit schemes for the stiff BGK equation}",
   journal = {SIAM Journal on Numerical Analysis},
    volume = {56},
    number = {2},
     pages = {942-973},
      year = {2018}} 

@article{huangShu_2017,
  title={A second-order asymptotic-preserving and positivity-preserving discontinuous Galerkin scheme for the Kerr--Debye model},
  author={Huang, Juntao and Shu, Chi-Wang},
  journal={Mathematical Models and Methods in Applied Sciences},
  volume={27},
  number={03},
  pages={549--579},
  year={2017},
  publisher={World Scientific}
}

@article{janka_1991,
  title={},
  author={Janka, H-Th},
  journal={Technische Universität München},
  volume={Ph.D. Thesis},
  pages={MPA-587},
  year={1991}}

@article{janka_1992,
  title={Flux-limited neutrino diffusion versus Monte Carlo neutrino transport},
  author={Janka, H-Th},
  journal={Astronomy and Astrophysics},
  volume={256},
  pages={452--458},
  year={1992}}

@article{janka_etal_2007,
  title={Theory of core-collapse supernovae},
  author={{Janka}, H-Th and {Langanke}, K and {Marek}, A and {Mart{\'\i}nez-Pinedo}, G and {M{\"u}ller}, B},
  journal={Physics Reports},
  volume={442},
  number={1-6},
  pages={38--74},
  year={2007},
  publisher={Elsevier}
}

@article{janka_2012,
  title={Explosion mechanisms of core-collapse supernovae},
  author={Janka, Hans-Thomas},
  journal={Annual Review of Nuclear and Particle Science},
  volume={62},
  pages={407--451},
  year={2012},
  publisher={Annual Reviews}
}

@ARTICLE{jinLevermore_1996, 
author = {{Jin}, S. and {Levermore}, C.D.},
title = "{Numerical Schemes for Hyperbolic Conservation Laws with Stiff Relaxation Terms}",
journal = {Journal of Computational Physics},
volume = {126},
pages = {942-973},
year = {1996}}

@article{just_etal_2018,
  title={Core-collapse supernova simulations in one and two dimensions: comparison of codes and approximations},
  author={{Just}, O. and {Bollig}, R. and {Janka}, H. T. and {Obergaulinger}, M. and {Glas}, R. and {Nagataki}, S.},
  journal={arXiv preprint arXiv:1805.03953},
  year={2018}
}

@TechReport{kershaw_1976,
    author = {{Kershaw}, D.S.},
    title = "{Flux limiting nature's own way --- a new method for numerical solution of the transport equation}",
institution = {Lawrence Livermore Laboratory},
       year = 1976,
     number = {UCRL-78378}}

@article{kuroda_etal_2016,
  title={A New Multi-energy Neutrino Radiation-Hydrodynamics Code in Full General Relativity and Its Application to the Gravitational Collapse of Massive Stars},
  author={{Kuroda}, T. and {Takiwaki}, T. and {Kotake}, K.},
  journal={The Astrophysical Journal Supplement Series},
  volume={222},
  number={2},
  pages={20},
  year={2016},
  publisher={IOP Publishing}
}

@ARTICLE{lareckiBanach_2011, 
author = {{Larecki}, W. and {Banach}, Z},
title = "{Entropic Derivation of the Spectral Eddington Factors}",
journal = {JQSRT}, 
year = {2011},
volume = {112},
pages = {2486-2506}}

@article{leblancWilson_1970,
  title={A numerical example of the collapse of a rotating magnetized star},
  author={{LeBlanc}, J. M. and {Wilson}, J. R.},
  journal={The Astrophysical Journal},
  volume={161},
  pages={541},
  year={1970}
}
        
@ARTICLE{levermore_1984,
   author = {{Levermore}, C.~D.},
    title = "{Relating Eddington factors to flux limiters.}",
  journal = {JQSRT},
     year = 1984,
   volume = 31,
    pages = {149-160}} 

@article{liebendoerfer_etal_2001,
  title={Probing the gravitational well: No supernova explosion in spherical symmetry with general relativistic Boltzmann neutrino transport},
  author={Liebendoerfer, Matthias and Mezzacappa, Anthony and Thielemann, Friedrich-Karl and Messer, OE Bronson and Hix, W Raphael and Bruenn, Stephen W},
  journal={Physical Review D},
  volume={63},
  number={10},
  pages={103004},
  year={2001},
  publisher={APS}
}

@article{liebendoerfer_etal_2004,
  title={A finite difference representation of neutrino radiation hydrodynamics in spherically symmetric general relativistic spacetime},
  author={Liebend{\"o}rfer, Matthias and Messer, OE Bronson and Mezzacappa, Anthony and Bruenn, Stephen W and Cardall, Christian Y and Thielemann, F-K},
  journal={The Astrophysical Journal Supplement Series},
  volume={150},
  number={1},
  pages={263},
  year={2004},
  publisher={IOP Publishing}
}

@article{liebendoerfer_etal_2005,
  title={Supernova simulations with Boltzmann neutrino transport: A comparison of methods},
  author={Liebendoerfer, Matthias and Rampp, M and Janka, H-Th and Mezzacappa, Anthony},
  journal={The Astrophysical Journal},
  volume={620},
  number={2},
  pages={840},
  year={2005},
  publisher={IOP Publishing}
}

@article{livne_etal_2004,
  title={Two-dimensional, time-dependent, multigroup, multiangle radiation hydrodynamics test simulation in the core-collapse supernova context},
  author={Livne, Eli and Burrows, Adam and Walder, Rolf and Lichtenstadt, Itamar and Thompson, Todd A},
  journal={The Astrophysical Journal},
  volume={609},
  number={1},
  pages={277},
  year={2004},
  publisher={IOP Publishing}
}

@article{mcclarren_etal_2008,
author = {{McClarren}, R. and {Evans}, T. and {Lowrie}, R and {Densmore}, J},
issn = {0021-9991},
journal = {Journal of Computational Physics},
number = {16},
pages = {7561--7586},
title = {{Semi-implicit time integration for PN thermal radiative transfer}},
volume = {227},
year = {2008}}

@article{mezzacappaBruenn_1993a,
  title={Type II supernovae and Boltzmann neutrino transport-The infall phase},
  author={Mezzacappa, Anthony and Bruenn, Stephen W},
  journal={The Astrophysical Journal},
  volume={405},
  pages={637--668},
  year={1993}
}

@article{mezzacappaBruenn_1993b,
  title={A numerical method for solving the neutrino Boltzmann equation coupled to spherically symmetric stellar core collapse},
  author={Mezzacappa, Anthony and Bruenn, Stephen W},
  journal={The Astrophysical Journal},
  volume={405},
  pages={669--684},
  year={1993}
}

@article{mezzacappaBruenn_1993c,
  title={Stellar core collapse-A Boltzmann treatment of neutrino-electron scattering},
  author={Mezzacappa, Anthony and Bruenn, Stephen W},
  journal={The Astrophysical Journal},
  volume={410},
  pages={740--760},
  year={1993}
}

@article{mezzacappaMesser_1999,
  title={Neutrino transport in core collapse supernovae},
  author={{Mezzacappa}, Anthony and {Messer}, OEB},
  journal={Journal of Computational and Applied Mathematics},
  volume={109},
  number={1-2},
  pages={281--319},
  year={1999},
  publisher={Elsevier}
}

@article{mezzacappa_etal_2001,
  title={Simulation of the spherically symmetric stellar core collapse, bounce, and postbounce evolution of a star of 13 solar masses with boltzmann neutrino transport, and its implications for the supernova mechanism},
  author={Mezzacappa, Anthony and Liebend{\"o}rfer, Matthias and Messer, OE Bronson and Hix, W Raphael and Thielemann, Friedrich-Karl and Bruenn, Stephen W},
  journal={Physical Review Letters},
  volume={86},
  number={10},
  pages={1935},
  year={2001},
  publisher={APS}
}

@article{mezzacappa_2005,
  title={Ascertaining the core collapse supernova mechanism: The state of the art and the road ahead},
  author={Mezzacappa, Anthony},
  journal={Annu. Rev. Nucl. Part. Sci.},
  volume={55},
  pages={467--515},
  year={2005},
  publisher={Annual Reviews}
}
  
@ARTICLE{minerbo_1978,
   author = {{Minerbo}, G.~N.},
    title = "{Maximum entropy Eddington factors.}",
  journal = {JQSRT},
 keywords = {Radiative Transfer},
     year = 1978,
   volume = 20,
    pages = {541-545}}

@article{muller_2016,
  title={The status of multi-dimensional core-collapse supernova models},
  author={M{\"u}ller, B},
  journal={Publications of the Astronomical Society of Australia},
  volume={33},
  year={2016},
  publisher={Cambridge University Press}
}

@ARTICLE{murchikova_etal_2017,
   author = {{Murchikova}, E.~M. and {Abdikamalov}, E. and {Urbatsch}, T.},
    title = "{Analytic closures for M1 neutrino transport}",
  journal = {MNRAS},
     year = 2017,
   volume = 469,
    pages = {1725-1737}}

@article{nagakura_etal_2014,
  title={Three-dimensional Boltzmann Hydro Code for Core Collapse in Massive Stars. I. Special Relativistic Treatments},
  author={Nagakura, Hiroki and Sumiyoshi, Kohsuke and Yamada, Shoichi},
  journal={The Astrophysical Journal Supplement Series},
  volume={214},
  number={2},
  pages={16},
  year={2014},
  publisher={IOP Publishing}
}

@article{nagakura_etal_2018,
  title={Simulations of Core-collapse Supernovae in Spatial Axisymmetry with Full Boltzmann Neutrino Transport},
  author={Nagakura, Hiroki and Iwakami, Wakana and Furusawa, Shun and Okawa, Hirotada and Harada, Akira and Sumiyoshi, Kohsuke and Yamada, Shoichi and Matsufuru, Hideo and Imakura, Akira},
  journal={The Astrophysical Journal},
  volume={854},
  number={2},
  pages={136},
  year={2018},
  publisher={IOP Publishing}
}
    
@article{oConnorCouch_2018,
  title={Exploring Fundamentally Three-dimensional Phenomena in High-fidelity Simulations of Core-collapse Supernovae},
  author={{O'Connor}, E. P. and {Couch}, S. M.},
  journal={The Astrophysical Journal},
  volume={865},
  number={2},
  pages={81},
  year={2018},
  publisher={IOP Publishing}
}

@article{ott_etal_2008,
  title={Two-dimensional multiangle, multigroup neutrino radiation-hydrodynamic simulations of postbounce supernova cores},
  author={Ott, Christian D and Burrows, Adam and Dessart, Luc and Livne, Eli},
  journal={The Astrophysical Journal},
  volume={685},
  number={2},
  pages={1069},
  year={2008},
  publisher={IOP Publishing}
}

@article{pan_etal_2018,
  title={The Impact of Different Neutrino Transport Methods on Multidimensional Core-collapse Supernova Simulations},
  author={{Pan}, K. C. and {Mattes}, C. and {O'Connor}, E. P. and {Couch}, S. M. and {Perego}, A. and {Arcones}, A.},
  journal={arXiv preprint arXiv:1806.10030},
  year={2018}
}

@ARTICLE{pareschiRusso_2005,
   author = {{Pareschi}, L. and {Russo}, G.},
    title = "{Implicit-Explicit Runge-Kutta Schemes and Application to Hyperbolic Systems with Relaxation}",
  journal = {Journal of Scientific Computing},
     year = 2005,
   volume = 25,
    pages = {129-155}}

@ARTICLE{radice_etal_2013,
   author = {{Radice}, D. and {Abdikamalov}, E. and {Rezzolla}, L. and {Ott}, C.~D.},
    title = "{A new spherical harmonics scheme for multi-dimensional radiation transport I. Static matter configurations}",
  journal = {Journal of Computational Physics},
     year = 2013,
   volume = 242,
    pages = {648-669}}

@article{roberts_etal_2016,
  title={General-relativistic three-dimensional multi-group neutrino radiation-hydrodynamics simulations of core-collapse supernovae},
  author={Roberts, Luke F and Ott, Christian D and Haas, Roland and O’Connor, Evan P and Diener, Peter and Schnetter, Erik},
  journal={The Astrophysical Journal},
  volume={831},
  number={1},
  pages={98},
  year={2016},
  publisher={IOP Publishing}
}

@article{shibata_etal_2011,
	title={Truncated moment formalism for radiation hydrodynamics in numerical relativity},
	author={Shibata, Masaru and Kiuchi, Kenta and Sekiguchi, Yu-ichiro and Suwa, Yudai},
	journal={Progress of Theoretical Physics},
	volume={125},
	number={6},
	pages={1255--1287},
	year={2011},
	publisher={Oxford University Press}
}

@book{shohatTamarkin_1943,
  title={The Problem of Moments},
  author={Shohat, J.A. and Tamarkin, J.D.},
  series={Mathematical Surveys and Monographs},
  year={1943},
  publisher={American Mathematical Society}}

@ARTICLE{shuOsher_1988,
   author = {{Shu}, C.-W. and {Osher} S.},
    title = "{Efficient Implementation of Essentially Non-oscillatory Shock-Capturing Schemes}",
  journal = {Journal of Computational Physics},
     year = 1988,
   volume = 77,
    pages = {439-471}}

@ARTICLE{skinnerOstriker_2013,
   author = {{Skinner}, M.~A. and {Ostriker}, E.~C.},
    title = "{A Two-moment Radiation Hydrodynamics Module in Athena Using a Time-explicit Godunov Method}",
  journal = {Astrophysical Journal Supplement Series},
     year = 2013,
   volume = 206,
    pages = {21}}

@article{sumiyoshiYamada_2012,
  title={Neutrino transfer in three dimensions for core-collapse supernovae. I. Static configurations},
  author={Sumiyoshi, Kohsuke and Yamada, Shoichi},
  journal={The Astrophysical Journal Supplement Series},
  volume={199},
  number={1},
  pages={17},
  year={2012},
  publisher={IOP Publishing}
}

@article{sumiyoshi_etal_2014,
  title={Multi-dimensional features of neutrino transfer in core-collapse supernovae},
  author={Sumiyoshi, K and Takiwaki, T and Matsufuru, H and Yamada, S},
  journal={The Astrophysical Journal Supplement Series},
  volume={216},
  number={1},
  pages={5},
  year={2014},
  publisher={IOP Publishing}
}

@article{vartanyan_etal_2018,
  title={A Successful 3D Core-Collapse Supernova Explosion Model},
  author={{Vartanyan}, D. and {Burrows}, A. and {Radice}, D. and {Skinner}, M. A. and {Dolence}, J.},
  journal={Monthly Notices of the Royal Astronomical Society},
  year={2018},
  Eprint = {arXiv:1809.05106},
}

@article{wilson_1975,
  title={NEUTRINO FLOW AND THE COLLAPSE OF STELLAR CORESfn1},
  author={{Wilson}, J. R. and {Couch}, R. and {Cochran}, S. and {Le Blanc}, J. and {Barkat}, Z.},
  journal={Annals of the New York Academy of Sciences},
  volume={262},
  number={1},
  pages={54--64},
  year={1975},
  publisher={Wiley Online Library}
}