@article{cockburnShu_2001,
   author = {{Cockburn}, B. and {Shu}, C.-W.},
    title = "{Runge-Kutta Discontinuous Galerkin Methods for Convection-Dominated Problems}",
  journal = {Journal of Scientific Computing},
     year = 2001,
   volume = 16,
    pages = {173-261}}

@article{ZhangShu2010,
         author =   {X. Zhang and C.-W. Shu},
         title =    {On maximum-principle-satisfying high order schemes for scalar conservation laws},
         journal =     {Journal of Computational Physics},
         year =     {2010},
         volume = 229,
         pages = {3091-3120}}​


@article{LiskaWendroff2003,
 		author = {Liska, Richard and Wendroff, Burton},
 		title = {Comparison of Several Difference Schemes on 1D and 2D Test Problems for the Euler Equations},
		 journal = {SIAM J. Sci. Comput.},
 	   	 year = {2003},
 		 volume = 25,
		 pages = {995-1017}} ​


@BOOK{Leveque2002,
 		author = {LeVeque, R.J.}, 
 		title = {Finite Volume Methods for Hyperbolic Problems},
		 publisher = {Cambridge University Press}, 
		 year = 2002}

@ARTICLE{gottlieb_etal_2001,
   author = {{Gottlieb}, E. and {Shu}, C.-W. and {Tadmor}, E.},
    title = "{Strong Stability-Preserving High-Order Time Discretization Methods}",
  journal = {SIAM Review},
     year = 2001,
   volume = 43,
    pages = {89-112}}


